@online{site:wikipedia,
    title   = {Wikipedia},
    url     = {https://it.wikipedia.org/}
}
